<?xml version="1.0" encoding="UTF-8"?><collection xmlns="http://www.loc.gov/MARC21/slim"><record><leader>00385nam--2200133-i-4500</leader><controlfield tag="001">000012591</controlfield><controlfield tag="002">20161230</controlfield><controlfield tag="005">20161230201029</controlfield><controlfield tag="008">060222s1000------------r-----000-0-eng-d</controlfield><datafield ind1=" " ind2=" " tag="080"><subfield code="a">54.07(047.1):546(047.1)</subfield></datafield><datafield ind1=" " ind2=" " tag="245"><subfield code="a">Annual reports in inorganic and general syntheses - 1976</subfield></datafield><datafield ind1=" " ind2=" " tag="260"><subfield code="a">New York, Acdemic Press, 1973 Ix+392 P</subfield></datafield><datafield ind1=" " ind2=" " tag="700"><subfield code="a">Kurt Niedenzu And Hans Zimmer</subfield></datafield><datafield ind1=" " ind2=" " tag="852"><subfield code="a">42419</subfield></datafield></record></collection>